<record><leader>00000cas a2200000 a 4500</leader><controlfield tag="001">53103939</controlfield><controlfield tag="008">030929d188118uuiludn ne      0   a0eng c</controlfield><datafield ind1=" " ind2=" " tag="010"><subfield code="a">sn2003061941</subfield></datafield><datafield ind1=" " ind2=" " tag="040"><subfield code="a">NVF</subfield><subfield code="b">eng</subfield><subfield code="c">NVF</subfield><subfield code="d">NVF</subfield><subfield code="d">OCLCQ</subfield><subfield code="d">OCLCF</subfield><subfield code="d">NVF</subfield><subfield code="d">OCLCO</subfield></datafield><datafield ind1="1" ind2=" " tag="029"><subfield code="a">AU@</subfield><subfield code="b">000024976259</subfield></datafield><datafield ind1=" " ind2=" " tag="042"><subfield code="a">pcc</subfield></datafield><datafield ind1=" " ind2=" " tag="043"><subfield code="a">n-us-il</subfield></datafield><datafield ind1="0" ind2=" " tag="130"><subfield code="a">Evening Peorian (Peoria, Ill. : 1881)</subfield></datafield><datafield ind1="1" ind2="0" tag="245"><subfield code="a">Evening Peorian.</subfield></datafield><datafield ind1=" " ind2=" " tag="260"><subfield code="a">Peoria, Ill. :</subfield><subfield code="b">Peorian Pub. Co.,</subfield><subfield code="c">1881-[18--?]</subfield></datafield><datafield ind1=" " ind2=" " tag="300"><subfield code="a">v.</subfield></datafield><datafield ind1=" " ind2=" " tag="310"><subfield code="a">Daily (except Sunday)</subfield></datafield><datafield ind1="0" ind2=" " tag="362"><subfield code="a">Vol. 1, no. 98 (May 3, 1881)-</subfield></datafield><datafield ind1=" " ind2=" " tag="530"><subfield code="a">Preservation microfilmed by the University of Illinois at Urbana-Champaign Library as part of the United States Newspaper Program; the year 1881 (on 1 microfilm reel) is available for purchase from OCLC Preservation Service Centers.</subfield></datafield><datafield ind1=" " ind2=" " tag="588"><subfield code="a">Latest issue consulted: Volume 2, number 43 (Aug. 27, 1881).</subfield></datafield><datafield ind1=" " ind2="0" tag="651"><subfield code="a">Peoria (Ill.)</subfield><subfield code="v">Newspapers.</subfield></datafield><datafield ind1=" " ind2="7" tag="651"><subfield code="a">Illinois</subfield><subfield code="z">Peoria.</subfield><subfield code="2">fast</subfield><subfield code="0">(OCoLC)fst01206107</subfield></datafield><datafield ind1=" " ind2="7" tag="655"><subfield code="a">Newspapers.</subfield><subfield code="2">fast</subfield><subfield code="0">(OCoLC)fst01423814</subfield></datafield><datafield ind1=" " ind2=" " tag="752"><subfield code="a">United States</subfield><subfield code="b">Illinois</subfield><subfield code="c">Peoria</subfield><subfield code="d">Peoria.</subfield></datafield><datafield ind1="0" ind2=" " tag="775"><subfield code="t">Semi-weekly Peorian</subfield><subfield code="w">(DLC)sn2003061939</subfield><subfield code="w">(OCoLC)53103870</subfield></datafield><datafield ind1="0" ind2="0" tag="780"><subfield code="t">Emery's daily Peorian</subfield><subfield code="w">(DLC)sn2003061938</subfield><subfield code="w">(OCoLC)53103997</subfield></datafield></record>